#robust

@article{klimek2012sds,
  title={Statistical detection of systematic election irregularities},
  author={Klimek, Peter and Yegorov, Yuri and Hanel, Rudolf and Thurner, Stefan},
  journal={Proceedings of the National Academy of Sciences},
  volume={109},
  number={41},
  pages={16469--16473},
  year={2012},
  publisher={National Acad Sciences}
}

@article{liang2019dai,
   title={Detecting Adversarial Image Examples in Deep Neural Networks with Adaptive Noise Reduction},
   ISSN={2160-9209},
   url={http://dx.doi.org/10.1109/TDSC.2018.2874243},
   DOI={10.1109/tdsc.2018.2874243},
   journal={IEEE Transactions on Dependable and Secure Computing},
   publisher={Institute of Electrical and Electronics Engineers (IEEE)},
   author={Liang, Bin and Li, Hongcheng and Su, Miaoqiang and Li, Xirong and Shi, Wenchang and Wang, XiaoFeng},
   year={2019},
   pages={1â€“1}
}

@misc{grosse2017sda,
    title={On the (Statistical) Detection of Adversarial Examples},
    author={Kathrin Grosse and Praveen Manoharan and Nicolas Papernot and Michael Backes and Patrick McDaniel},
    year={2017},
    eprint={1702.06280},
    archivePrefix={arXiv},
    primaryClass={cs.CR}
}

@inproceedings{zhao2019aad,
  title={The adversarial attack and detection under the fisher information metric},
  author={Zhao, Chenxiao and Fletcher, P Thomas and Yu, Mixue and Peng, Yaxin and Zhang, Guixu and Shen, Chaomin},
  booktitle={Proceedings of the AAAI Conference on Artificial Intelligence},
  volume={33},
  pages={5869--5876},
  year={2019}
}

@inproceedings{carlini2017aea,
  title={Adversarial examples are not easily detected: Bypassing ten detection methods},
  author={Carlini, Nicholas and Wagner, David},
  booktitle={Proceedings of the 10th ACM Workshop on Artificial Intelligence and Security},
  pages={3--14},
  year={2017}
}

@article{szegedy2013ipn,
  title={Intriguing properties of neural networks},
  author={Szegedy, Christian and Zaremba, Wojciech and Sutskever, Ilya and Bruna, Joan and Erhan, Dumitru and Goodfellow, Ian and Fergus, Rob},
  journal={arXiv preprint arXiv:1312.6199},
  year={2013}
}

# batch

@article{doetsch2017csb,
  title={A comprehensive study of batch construction strategies for recurrent neural networks in mxnet},
  author={Doetsch, Patrick and Golik, Pavel and Ney, Hermann},
  journal={arXiv preprint arXiv:1705.02414},
  year={2017}
}

@inproceedings{li2014emt,
  title={Efficient mini-batch training for stochastic optimization},
  author={Li, Mu and Zhang, Tong and Chen, Yuqiang and Smola, Alexander J},
  booktitle={Proceedings of the 20th ACM SIGKDD international conference on Knowledge discovery and data mining},
  pages={661--670},
  year={2014}
}

@article{dekel2012odo,
  title={Optimal distributed online prediction using mini-batches},
  author={Dekel, Ofer and Gilad-Bachrach, Ran and Shamir, Ohad and Xiao, Lin},
  journal={The Journal of Machine Learning Research},
  volume={13},
  pages={165--202},
  year={2012},
  publisher={JMLR. org}
}

@article{morishita2017esm,
  title={An empirical study of mini-batch creation strategies for neural machine translation},
  author={Morishita, Makoto and Oda, Yusuke and Neubig, Graham and Yoshino, Koichiro and Sudoh, Katsuhito and Nakamura, Satoshi},
  journal={arXiv preprint arXiv:1706.05765},
  year={2017}
}

@article{perrone2019oms,
  title={Optimal Mini-Batch Size Selection for Fast Gradient Descent},
  author={Perrone, Michael P and Khan, Haidar and Kim, Changhoan and Kyrillidis, Anastasios and Quinn, Jerry and Salapura, Valentina},
  journal={arXiv preprint arXiv:1911.06459},
  year={2019}
}

@article{csiba2018ism,
  title={Importance sampling for minibatches},
  author={Csiba, Dominik and Richt{\'a}rik, Peter},
  journal={The Journal of Machine Learning Research},
  volume={19},
  number={1},
  pages={962--982},
  year={2018},
  publisher={JMLR. org}
}

@inproceedings{johnson2018tdm,
  title={Training deep models faster with robust, approximate importance sampling},
  author={Johnson, Tyler B and Guestrin, Carlos},
  booktitle={Advances in Neural Information Processing Systems},
  pages={7265--7275},
  year={2018}
}

# explore

@article{waltenburg2012eda,
  title={Exploratory data analysis: a primer for undergraduates},
  author={Waltenburg, Eric and McLauchlan, William},
  year={2012}
}

@article{mukhopadhyay2014lpa,
  title={LP approach to statistical modeling},
  author={Mukhopadhyay, Subhadeep and Parzen, Emanuel},
  journal={arXiv preprint arXiv:1405.2601},
  year={2014}
}

# explain

@article{erhan2009visualizing,
  title={Visualizing higher-layer features of a deep network},
  author={Erhan, Dumitru and Bengio, Yoshua and Courville, Aaron and Vincent, Pascal},
  journal={University of Montreal},
  volume={1341},
  number={3},
  pages={1},
  year={2009},
  comment={idealization paper}
}

@inproceedings{zeiler2011adn,
  title={Adaptive deconvolutional networks for mid and high level feature learning},
  author={Zeiler, Matthew D and Taylor, Graham W and Fergus, Rob},
  booktitle={2011 International Conference on Computer Vision},
  pages={2018--2025},
  year={2011},
  organization={IEEE}
}

@inproceedings{zeiler2014vuc,
  title={Visualizing and understanding convolutional networks},
  author={Zeiler, Matthew D and Fergus, Rob},
  booktitle={European conference on computer vision},
  pages={818--833},
  year={2014},
  organization={Springer}
}

@inproceedings{selvaraju2017gve,
  title={Grad-cam: Visual explanations from deep networks via gradient-based localization},
  author={Selvaraju, Ramprasaath R and Cogswell, Michael and Das, Abhishek and Vedantam, Ramakrishna and Parikh, Devi and Batra, Dhruv},
  booktitle={Proceedings of the IEEE international conference on computer vision},
  pages={618--626},
  year={2017}
}

@article{lipton2018mmi,
  title={The mythos of model interpretability},
  author={Lipton, Zachary C},
  journal={Queue},
  volume={16},
  number={3},
  pages={31--57},
  year={2018},
  publisher={ACM New York, NY, USA}
}

@article{dhurandhar2017ffc,
  title={A formal framework to characterize interpretability of procedures},
  author={Dhurandhar, Amit and Iyengar, Vijay and Luss, Ronny and Shanmugam, Karthikeyan},
  journal={arXiv preprint arXiv:1707.03886},
  year={2017}
}

@article{carvalho2019mli,
  title={Machine learning interpretability: A survey on methods and metrics},
  author={Carvalho, Diogo V and Pereira, Eduardo M and Cardoso, Jaime S},
  journal={Electronics},
  volume={8},
  number={8},
  pages={832},
  year={2019},
  publisher={Multidisciplinary Digital Publishing Institute}
}

@inproceedings{zhou2016ldf,
  title={Learning deep features for discriminative localization},
  author={Zhou, Bolei and Khosla, Aditya and Lapedriza, Agata and Oliva, Aude and Torralba, Antonio},
  booktitle={Proceedings of the IEEE conference on computer vision and pattern recognition},
  pages={2921--2929},
  year={2016}
}

# finite

@article{cantor1989arithmetical,
  title={On arithmetical algorithms over finite fields},
  author={Cantor, David G},
  journal={Journal of Combinatorial Theory, Series A},
  volume={50},
  number={2},
  pages={285--300},
  year={1989},
  publisher={Elsevier}
}

# nn in rf

## cart alg
@book{breiman1984classification,
  title={Classification and regression trees},
  author={Breiman, Leo and Friedman, Jerome and Stone, Charles J and Olshen, Richard A},
  year={1984},
  publisher={CRC press}
}

## original RF paper
@inproceedings{ho1995random,
  title={Random decision forests},
  author={Ho, Tin Kam},
  booktitle={Proceedings of 3rd international conference on document analysis and recognition},
  volume={1},
  pages={278--282},
  year={1995},
  organization={IEEE}
}

## popular breiman rf paper
@article{breiman2001random,
  title={Random forests},
  author={Breiman, Leo},
  journal={Machine learning},
  volume={45},
  number={1},
  pages={5--32},
  year={2001},
  publisher={Springer}
}

@article{wang2018random,
  title={Random-forest-inspired neural networks},
  author={Wang, Suhang and Aggarwal, Charu and Liu, Huan},
  journal={ACM Transactions on Intelligent Systems and Technology (TIST)},
  volume={9},
  number={6},
  pages={1--25},
  year={2018},
  publisher={ACM New York, NY, USA}
}

@article{rojas2009adaboost,
  title={AdaBoost and the super bowl of classifiers a tutorial introduction to adaptive boosting},
  author={Rojas, Ra{\'u}l and others},
  journal={Freie University, Berlin, Tech. Rep},
  year={2009}
}

@article{biau2019neural,
  title={Neural random forests},
  author={Biau, G{\'e}rard and Scornet, Erwan and Welbl, Johannes},
  journal={Sankhya A},
  volume={81},
  number={2},
  pages={347--386},
  year={2019},
  publisher={Springer}
}

@article{xu2014predictor,
  title={Predictor augmentation in random forests},
  author={Xu, Ruo and Nettleton, Dan and Nordman, Daniel J},
  journal={Statistics and its interface},
  volume={7},
  number={2},
  pages={177--186},
  year={2014},
  publisher={International Press of Boston}
}

@article{chipman2010bart,
  title={BART: Bayesian additive regression trees},
  author={Chipman, Hugh A and George, Edward I and McCulloch, Robert E and others},
  journal={The Annals of Applied Statistics},
  volume={4},
  number={1},
  pages={266--298},
  year={2010},
  publisher={Institute of Mathematical Statistics}
}

@article{zhou2017deep,
  title={Deep forest},
  author={Zhou, Zhi-Hua and Feng, Ji},
  journal={arXiv preprint arXiv:1702.08835},
  year={2017}
}

@article{banerjee1997initializing,
  title={Initializing neural networks using decision trees},
  author={Banerjee, Arunava},
  journal={Computational learning theory and natural learning systems},
  notes={Older idea on converting tree to NN.  Very similar to idea used in Biau2019.  Encode every node from tree into a node at first layer, then 2nd layer is node for every branch (possibly also aggregating output).},
  volume={4},
  pages={3--15},
  year={1997}
}

@article{breiman1996bagging,
  title={Bagging predictors},
  author={Breiman, Leo},
  journal={Machine learning},
  volume={24},
  number={2},
  pages={123--140},
  year={1996},
  publisher={Springer}
}

@article{iandola2016squeezenet,
  title={SqueezeNet: AlexNet-level accuracy with 50x fewer parameters and< 0.5 MB model size},
  author={Iandola, Forrest N and Han, Song and Moskewicz, Matthew W and Ashraf, Khalid and Dally, William J and Keutzer, Kurt},
  journal={arXiv preprint arXiv:1602.07360},
  year={2016}
}

@inproceedings{tang2014learning,
  title={Learning sentiment-specific word embedding for twitter sentiment classification},
  author={Tang, Duyu and Wei, Furu and Yang, Nan and Zhou, Ming and Liu, Ting and Qin, Bing},
  booktitle={Proceedings of the 52nd Annual Meeting of the Association for Computational Linguistics (Volume 1: Long Papers)},
  pages={1555--1565},
  year={2014}
}

@article{szegedy2013deep,
  title={Deep neural networks for object detection},
  author={Szegedy, Christian and Toshev, Alexander and Erhan, Dumitru},
  year={2013}
}

@misc{Dua:2019 ,
author = "Dua, Dheeru and Graff, Casey",
year = "2017",
title = "{UCI} Machine Learning Repository",
url = "http://archive.ics.uci.edu/ml",
institution = "University of California, Irvine, School of Information and Computer Sciences" }

@article{shankar1996statistical,
  title={Statistical analysis of accident severity on rural freeways},
  author={Shankar, Venkataraman and Mannering, Fred and Barfield, Woodrow},
  journal={Accident Analysis \& Prevention},
  volume={28},
  number={3},
  pages={391--401},
  year={1996},
  publisher={Elsevier}
}

@article{zhang2018visual,
  title={Visual interpretability for deep learning: a survey},
  author={Zhang, Quan-shi and Zhu, Song-Chun},
  journal={Frontiers of Information Technology \& Electronic Engineering},
  volume={19},
  number={1},
  pages={27--39},
  year={2018},
  publisher={Springer}
}

@article{olah2018building,
  title={The building blocks of interpretability},
  author={Olah, Chris and Satyanarayan, Arvind and Johnson, Ian and Carter, Shan and Schubert, Ludwig and Ye, Katherine and Mordvintsev, Alexander},
  journal={Distill},
  volume={3},
  number={3},
  pages={e10},
  year={2018}
}

@inproceedings{sole2014evaluation,
  title={Evaluation of Random Forests on large-scale classification problems using a Bag-of-Visual-Words representation.},
  author={Sol{\'e}, Xavier and Ramisa, Arnau and Torras, Carme},
  booktitle={CCIA},
  pages={273--276},
  year={2014}
}

@article{reininghaus2012combinatorial,
  title={Combinatorial gradient fields for 2d images with empirically convergent separatrices},
  author={Reininghaus, Jan and G{\"u}nther, David and Hotz, Ingrid and Weinkauf, Tino and Seidel, Hans Peter},
  journal={arXiv preprint arXiv:1208.6523},
  year={2012}
}

@article{feng2013feature,
  title={Feature correspondences using morse smale complex},
  author={Feng, Wei and Huang, Jin and Ju, Tao and Bao, Hujun},
  journal={The Visual Computer},
  volume={29},
  number={1},
  pages={53--67},
  year={2013},
  publisher={Springer},
  comment={association of extrema using graph of MSC}
}

@incollection{tierny2015optimal,
  title={Optimal general simplification of scalar fields on surfaces},
  author={Tierny, Julien and G{\"u}nther, David and Pascucci, Valerio},
  booktitle={Topological and Statistical Methods for Complex Data},
  pages={57--71},
  year={2015},
  publisher={Springer},
  comment={Persistence simplification of PL manifolds}
}

@article{bursal1996interpolating,
  title={On interpolating between probability distributions},
  author={Bursal, Faruk H},
  journal={Applied Mathematics and Computation},
  volume={77},
  number={2-3},
  pages={213--244},
  year={1996},
  publisher={Elsevier},
  comment={preserve some topo-like properties by interp on pdf params}
}

@inproceedings{sederberg1992physically,
  title={A physically based approach to 2--D shape blending},
  author={Sederberg, Thomas W and Greenwood, Eugene},
  booktitle={Proceedings of the 19th annual conference on Computer graphics and interactive techniques},
  pages={25--34},
  year={1992},
  comment={Find best matching of vertices (and allow for multiple vertices at one point) by computing work to move from one set to other.  Work is stretch + bend, which how you associate changes.  By adding penalties for angle = 0 and monotonicity, we get some reasonable blends by taking linear interp of such associated points.},
}

@article{alhashim2015deformation,
  title={Deformation-driven topology-varying 3D shape correspondence},
  author={Alhashim, Ibraheem and Xu, Kai and Zhuang, Yixin and Cao, Junjie and Simari, Patricio and Zhang, Hao},
  journal={ACM Transactions on Graphics (TOG)},
  volume={34},
  number={6},
  pages={1--13},
  year={2015},
  publisher={ACM New York, NY, USA},
  comment={Find correspondence of components in 3d shapes by finding best swap of component from A with component from B.  It is allowed to reuse components from B (i.e. a component could split/merge/duplicate).  Energy function controls this.  Still not "in between" deformation though.},
}

@article{botsch2007linear,
  title={On linear variational surface deformation methods},
  author={Botsch, Mario and Sorkine, Olga},
  journal={IEEE transactions on visualization and computer graphics},
  volume={14},
  number={1},
  pages={213--230},
  year={2007},
  publisher={IEEE}
}

@inproceedings{frohlich2011example,
  title={Example-driven deformations based on discrete shells},
  author={Fr{\"o}hlich, Stefan and Botsch, Mario},
  booktitle={Computer graphics forum},
  volume={30},
  number={8},
  pages={2246--2257},
  year={2011},
  organization={Wiley Online Library},
  comment={including some actual interpolations},
}

@inproceedings{winkler2010multi,
  title={Multi-Scale Geometry Interpolation},
  author={Winkler, Tim and Drieseberg, Jens and Alexa, Marc and Hormann, Kai},
  booktitle={Computer Graphics Forum},
  volume={29},
  pages={2},
  year={2010},
}

@inproceedings{allemand2014piecewise,
  title={Piecewise polynomial reconstruction of functions from simplified Morse-Smale complex},
  author={Allemand-Giorgis, L{\'e}o and Bonneau, Georges-Pierre and Hahmann, Stefanie},
  booktitle={IEEE Visualization conference 2014, SciVis Posters},
  year={2014},
  comment={simplify MSC, and reconstruct resulting function using monotonic bezier curves on boundary then cells.  This *might* work for some interpolation of boundaries if I had a single MSC and a mix of two functions.  Tricky bit is how to get a single interpolated MSC?}
}

@incollection{allemand2015piecewise,
  title={Piecewise polynomial monotonic interpolation of 2D gridded data},
  author={Allemand-Giorgis, L{\'e}o and Bonneau, Georges-Pierre and Hahmann, Stefanie and Vivodtzev, Fabien},
  booktitle={Topological and Statistical Methods for Complex Data},
  pages={73--91},
  year={2015},
  publisher={Springer},
  comment={follow on to allemand2014, with more focused problem, not just applicable to msc.  But not super clear what value is minimized when fitting interpolant.  So hard to shoehorn in a 2nd function?}
}

@book{edelsbrunner2010introductionl,
  title={Computational topology: an introduction},
  author={Edelsbrunner, Herbert and Harer, John},
  year={2010},
  publisher={American Mathematical Soc.}
}

@inproceedings{Floriani2013morsevswatershed,
  title={Discrete Morse versus watershed decompositions of tessellated manifolds},
  author={De Floriani, Leila and Iuricich, Federico and Magillo, Paola and Simari, Patricio},
  booktitle={International Conference on Image Analysis and Processing},
  pages={339--348},
  year={2013},
  organization={Springer}
}

@article{roerdink2000watershed,
  title={The watershed transform: Definitions, algorithms and parallelization strategies},
  author={Roerdink, Jos BTM and Meijster, Arnold},
  journal={Fundamenta informaticae},
  volume={41},
  number={1, 2},
  pages={187--228},
  year={2000},
  publisher={IOS press}
}

@article{hu2021topology,
  title={Topology-aware segmentation using discrete morse theory},
  author={Hu, Xiaoling and Wang, Yusu and Fuxin, Li and Samaras, Dimitris and Chen, Chao},
  journal={arXiv preprint arXiv:2103.09992},
  year={2021}
}

@article{zhang2018machine,
  title={Machine learning topological invariants with neural networks},
  author={Zhang, Pengfei and Shen, Huitao and Zhai, Hui},
  journal={Physical review letters},
  volume={120},
  number={6},
  pages={066401},
  year={2018},
  publisher={APS},
  comment={train model to learn winding number with high acc}
}

@inproceedings{reininghaus2015stable,
  title={A stable multi-scale kernel for topological machine learning},
  author={Reininghaus, Jan and Huber, Stefan and Bauer, Ulrich and Kwitt, Roland},
  booktitle={Proceedings of the IEEE conference on computer vision and pattern recognition},
  pages={4741--4748},
  year={2015},
  comment={svm-like approach (so not deep learning) for learning persistence diagrams}
}

@article{hofer2017deep,
  title={Deep learning with topological signatures},
  author={Hofer, Christoph and Kwitt, Roland and Niethammer, Marc and Uhl, Andreas},
  journal={arXiv preprint arXiv:1707.04041},
  year={2017},
  comment={new type of input layer to handle certain topological features}
}

@article{gerber2010visual,
  title={Visual exploration of high dimensional scalar functions},
  author={Gerber, Samuel and Bremer, Peer-Timo and Pascucci, Valerio and Whitaker, Ross},
  journal={IEEE transactions on visualization and computer graphics},
  volume={16},
  number={6},
  pages={1271--1280},
  year={2010},
  publisher={IEEE},
  comment={analyze morse-smale complexes by simplifying into line connecting max and min}
}

@article{mikolov2013efficient,
  title={Efficient estimation of word representations in vector space},
  author={Mikolov, Tomas and Chen, Kai and Corrado, Greg and Dean, Jeffrey},
  journal={arXiv preprint arXiv:1301.3781},
  year={2013},
  comment={word2vec paper}
}

@article{ng2011sparse,
  title={Sparse autoencoder},
  author={Ng, Andrew and others},
  journal={CS294A Lecture notes},
  volume={72},
  number={2011},
  pages={1--19},
  year={2011}
}

@article{kohlbrenner2017pre,
  title={Pre-training cnns using convolutional autoencoders},
  author={Kohlbrenner, Maximilian and Hofmann, Russell and Ahmmed, Sabbir and Kashef, Youssef},
  journal={URL: https://pdfs.semanticscholar.org/e1ab/3b9dee2da20078464f4ad8deb523b5b1792e. pdf},
  year={2017}
}

@inproceedings{laakom2019color,
  title={Color constancy convolutional autoencoder},
  author={Laakom, Firas and Raitoharju, Jenni and Iosifidis, Alexandros and Nikkanen, Jarno and Gabbouj, Moncef},
  booktitle={2019 IEEE Symposium Series on Computational Intelligence (SSCI)},
  pages={1085--1090},
  year={2019},
  organization={IEEE}
}

@article{hinton2006reducing,
  title={Reducing the dimensionality of data with neural networks},
  author={Hinton, Geoffrey E and Salakhutdinov, Ruslan R},
  journal={science},
  volume={313},
  number={5786},
  pages={504--507},
  year={2006},
  publisher={American Association for the Advancement of Science}
}

@techreport{usgs2019aster,
	title={ASTER Global Digital Elevation Model V003},
	author={NASA/METI/AIST/Japan Spacesystems and U.S./Japan ASTER Science Team},
	institution={United States Geological Survey},
	year={2019}
}

@misc{funke2016circuit,
  title={Circuit reconstruction from electron microscopy images},
  author={Funke, J and Saalfeld, S and Bock, D and Turaga, S and Perlman, E},
  year={2016}
}

@article{bott1988morse,
  title={Morse theory indomitable},
  author={Bott, Raoul},
  journal={Publications Math{\'e}matiques de l'IH{\'E}S},
  volume={68},
  pages={99--114},
  year={1988},
  comment={good development of MS foundation}
}

@article{wasserman2018topological,
  title={Topological data analysis},
  author={Wasserman, Larry},
  journal={Annual Review of Statistics and Its Application},
  volume={5},
  pages={501--532},
  year={2018},
  publisher={Annual Reviews}
}

@inproceedings{riecktopological,
  title={Topological Methods for fMRI Data},
  author={Rieck, Bastian and Yates, Tristan and Bock, Christian and Borgwardt, Karsten and Wolf, Guy and Turk-Browne, Nicholas and Krishnaswamy, Smita},
  series={ICML Workshop oGn Computational Biology},
  year={2020},
}

@inproceedings{tompson2015efficient,
  title={Efficient object localization using convolutional networks},
  author={Tompson, Jonathan and Goroshin, Ross and Jain, Arjun and LeCun, Yann and Bregler, Christoph},
  booktitle={Proceedings of the IEEE conference on computer vision and pattern recognition},
  pages={648--656},
  year={2015},
  comment={spatial dropout paper}
}

@inproceedings{miller1989designing,
  title={Designing Neural Networks Using Genetic Algorithms.},
  author={Miller, Geoffrey F and Todd, Peter M and Hegde, Shailesh U},
  booktitle={ICGA},
  volume={89},
  pages={379--384},
  year={1989}
}

@inproceedings{idrissi2016genetic,
  title={Genetic algorithm for neural network architecture optimization},
  author={Idrissi, Mohammed Amine Janati and Ramchoun, Hassan and Ghanou, Youssef and Ettaouil, Mohamed},
  booktitle={2016 3rd International Conference on Logistics Operations Management (GOL)},
  pages={1--4},
  year={2016},
  organization={IEEE}
}

@misc{li2020survey,
      title={A Survey of Convolutional Neural Networks: Analysis, Applications, and Prospects}, 
      author={Zewen Li and Wenjie Yang and Shouheng Peng and Fan Liu},
      year={2020},
      eprint={2004.02806},
      archivePrefix={arXiv},
      primaryClass={cs.CV}
}

@article{sun2019high,
  title={High-resolution representations for labeling pixels and regions},
  author={Sun, Ke and Zhao, Yang and Jiang, Borui and Cheng, Tianheng and Xiao, Bin and Liu, Dong and Mu, Yadong and Wang, Xinggang and Liu, Wenyu and Wang, Jingdong},
  journal={arXiv preprint arXiv:1904.04514},
  year={2019}
}

@article{kingma2014adam,
  title={Adam: A method for stochastic optimization},
  author={Kingma, Diederik P and Ba, Jimmy},
  journal={arXiv preprint arXiv:1412.6980},
  year={2014}
}

@article{yan2021scalar,
  title={Scalar Field Comparison with Topological Descriptors: Properties and Applications for Scientific Visualization},
  author={Yan, Lin and Masood, Talha Bin and Sridharamurthy, Raghavendra and Rasheed, Farhan and Natarajan, Vijay and Hotz, Ingrid and Wang, Bei},
  journal={arXiv preprint arXiv:2106.00157},
  year={2021}
}

@article{sorensen1948method,
  title={A method of establishing groups of equal amplitude in plant sociology based on similarity of species content and its application to analyses of the vegetation on Danish commons},
  author={Sorensen, Th A},
  journal={Biol. Skar.},
  volume={5},
  pages={1--34},
  year={1948}
}

@article{dice1945measures,
  title={Measures of the amount of ecologic association between species},
  author={Dice, Lee R},
  journal={Ecology},
  volume={26},
  number={3},
  pages={297--302},
  year={1945},
  publisher={JSTOR}
}

@inproceedings{long2015fully,
  title={Fully convolutional networks for semantic segmentation},
  author={Long, Jonathan and Shelhamer, Evan and Darrell, Trevor},
  booktitle={Proceedings of the IEEE conference on computer vision and pattern recognition},
  pages={3431--3440},
  year={2015}
}

@article{simonyan2014very,
  title={Very deep convolutional networks for large-scale image recognition},
  author={Simonyan, Karen and Zisserman, Andrew},
  journal={arXiv preprint arXiv:1409.1556},
  year={2014}
}

@article{mcinnes2018umap,
  title={Umap: Uniform manifold approximation and projection for dimension reduction},
  author={McInnes, Leland and Healy, John and Melville, James},
  journal={arXiv preprint arXiv:1802.03426},
  year={2018}
}

@misc{niedzwiecki2019recognition,
      title={Recognition and classification of the cosmic-ray events in images captured by CMOS/CCD cameras}, 
      author={Michal Niedzwiecki and Krzysztof Rzecki and Marta Marek and Piotr Homola and Katarzyna Smelcerz and David Alvarez Castillo and Karel Smolek and Bohdan Hnatyk and Jilberto Zamora-Saa and Alona Mozgova and Vahab Nazaric and Dariusz Gora and Konrad Kopanski and Tadeusz Wibig and Alan R. Duffy and Jaroslaw Stasielak and Zoltan Zimboras and Marcin Kasztelan},
      year={2019},
      eprint={1909.01929},
      archivePrefix={arXiv},
      primaryClass={astro-ph.IM}
}

@misc{cuturi2013sinkhorn,
      title={Sinkhorn Distances: Lightspeed Computation of Optimal Transportation Distances}, 
      author={Marco Cuturi},
      year={2013},
      eprint={1306.0895},
      archivePrefix={arXiv},
      primaryClass={stat.ML}
}

@article{rauber2016visualizing,
  title={Visualizing the hidden activity of artificial neural networks},
  author={Rauber, Paulo E and Fadel, Samuel G and Falcao, Alexandre X and Telea, Alexandru C},
  journal={IEEE transactions on visualization and computer graphics},
  volume={23},
  number={1},
  pages={101--110},
  year={2016},
  publisher={IEEE}
}

@article{van2008visualizing,
  title={Visualizing data using t-SNE.},
  author={Van der Maaten, Laurens and Hinton, Geoffrey},
  journal={Journal of machine learning research},
  volume={9},
  number={11},
  year={2008}
}

@article{kruskal1964multidimensional,
  title={Multidimensional scaling by optimizing goodness of fit to a nonmetric hypothesis},
  author={Kruskal, Joseph B},
  journal={Psychometrika},
  volume={29},
  number={1},
  pages={1--27},
  year={1964},
  publisher={Springer}
}

@article{hastings1970monte,
  title={Monte Carlo sampling methods using Markov chains and their applications},
  author={HASTINGS, WK},
  journal={Biometrika},
  volume={57},
  number={1},
  pages={97--109},
  year={1970}
}

@article{hohman2020summit,
  title={Summit: Scaling Deep Learning Interpretability by Visualizing Activation and Attribution Summarizations},
  author={Hohman, Fred and Park, Haekyu and Robinson, Caleb and Polo Chau, Duen Horng},
  journal={IEEE Transactions on Visualization and Computer Graphics},
  volume={26},
  number={1},
  year={2020}
}

@article{liu2016towards,
  title={Towards better analysis of deep convolutional neural networks},
  author={Liu, Mengchen and Shi, Jiaxin and Li, Zhen and Li, Chongxuan and Zhu, Jun and Liu, Shixia},
  journal={IEEE transactions on visualization and computer graphics},
  volume={23},
  number={1},
  pages={91--100},
  year={2016},
  publisher={IEEE}
}

@article{van2018simple,
  title={A simple introduction to Markov Chain Monte--Carlo sampling},
  author={Van Ravenzwaaij, Don and Cassey, Pete and Brown, Scott D},
  journal={Psychonomic bulletin \& review},
  volume={25},
  number={1},
  pages={143--154},
  year={2018},
  publisher={Springer},
  comment={good description of gibbs},
}

@article{haugh2021tutorial,
  title={A Tutorial on Markov Chain Monte-Carlo and Bayesian Modeling},
  author={Haugh, Martin B},
  journal={Available at SSRN 3759243},
  year={2021}
}

@article{hastie2000bayesian,
  title={Bayesian backfitting (with comments and a rejoinder by the authors)},
  author={Hastie, Trevor and Tibshirani, Robert},
  journal={Statistical Science},
  volume={15},
  number={3},
  pages={196--223},
  year={2000},
  publisher={Institute of Mathematical Statistics},
  comment={not confirmed, but I think this *is* the general approach of bayes prior ensembling, that I thought I was coming up with.  Or maybe BART is doing something fancier?}
}

@article{chipman1998bayesian,
  title={Bayesian CART model search},
  author={Chipman, Hugh A and George, Edward I and McCulloch, Robert E},
  journal={Journal of the American Statistical Association},
  volume={93},
  number={443},
  pages={935--948},
  year={1998},
  publisher={Taylor \& Francis},
  comment={mcmc for a single tree},
}

@inproceedings{talbot2009ensemblematrix,
  title={EnsembleMatrix: interactive visualization to support machine learning with multiple classifiers},
  author={Talbot, Justin and Lee, Bongshin and Kapoor, Ashish and Tan, Desney S},
  booktitle={Proceedings of the SIGCHI conference on human factors in computing systems},
  pages={1283--1292},
  year={2009}
}

@article{alsallakh2014visual,
  title={Visual methods for analyzing probabilistic classification data},
  author={Alsallakh, Bilal and Hanbury, Allan and Hauser, Helwig and Miksch, Silvia and Rauber, Andreas},
  journal={IEEE transactions on visualization and computer graphics},
  volume={20},
  number={12},
  pages={1703--1712},
  year={2014},
  publisher={IEEE},
  comment={Confusion wheel}
}

@article{biggio2012poisoning,
  title={Poisoning attacks against support vector machines},
  author={Biggio, Battista and Nelson, Blaine and Laskov, Pavel},
  journal={arXiv preprint arXiv:1206.6389},
  year={2012}
}

@article{chen2019adversarial,
  title={Adversarial example in remote sensing image recognition},
  author={Chen, Li and Zhu, Guowei and Li, Qi and Li, Haifeng},
  journal={arXiv preprint arXiv:1910.13222},
  year={2019}
}

@article{ma2019explaining,
  title={Explaining vulnerabilities to adversarial machine learning through visual analytics},
  author={Ma, Yuxin and Xie, Tiankai and Li, Jundong and Maciejewski, Ross},
  journal={IEEE transactions on visualization and computer graphics},
  volume={26},
  number={1},
  pages={1075--1085},
  year={2019},
  publisher={IEEE}
}

@misc{elsheikh2017mlp,
    title = {How to set initial weights in MLPClassifier?},
    author = {ElSheikh, Mohamed},
    howpublished = {StackOverflow},
    url = {https://stackoverflow.com/q/44478133}
}

@article{elsken2019neural,
  title={Neural architecture search: A survey},
  author={Elsken, Thomas and Metzen, Jan Hendrik and Hutter, Frank},
  journal={The Journal of Machine Learning Research},
  volume={20},
  number={1},
  pages={1997--2017},
  year={2019},
  publisher={JMLR. org}
}

@inproceedings{liu2018progressive,
  title={Progressive neural architecture search},
  author={Liu, Chenxi and Zoph, Barret and Neumann, Maxim and Shlens, Jonathon and Hua, Wei and Li, Li-Jia and Fei-Fei, Li and Yuille, Alan and Huang, Jonathan and Murphy, Kevin},
  booktitle={Proceedings of the European conference on computer vision (ECCV)},
  pages={19--34},
  year={2018},
  comment={surrogate NN to guide architecture search}
}

@article{zoph2016neural,
  title={Neural architecture search with reinforcement learning},
  author={Zoph, Barret and Le, Quoc V},
  journal={arXiv preprint arXiv:1611.01578},
  year={2016},
  comment={surrogate NN to guide architecture search}
}

@article{lecun1989optimal,
  title={Optimal brain damage},
  author={LeCun, Yann and Denker, John and Solla, Sara},
  journal={Advances in neural information processing systems},
  volume={2},
  year={1989}
}

@inproceedings{dietterich2000ensemble,
  title={Ensemble methods in machine learning},
  author={Dietterich, Thomas G},
  booktitle={International workshop on multiple classifier systems},
  pages={1--15},
  year={2000},
  organization={Springer}
}

@misc{vanboxel2021neural,
	title={Neural Orchards: Random Forests, BART, and Beyond},
	author={Van Boxel, Dan},
	url={https://dvbuntu.github.io/wisdom/2022/03/11/bart/},
    year={2021},
	institution = "University of Arizona",
}

@techreport{pankhurst1991practical,
  title={Practical taxonomic computing},
  author={Pankhurst, Richard J},
  year={1991}
}

@article{metropolis1953equation,
  title={Equation of state calculations by fast computing machines},
  author={Metropolis, Nicholas and Rosenbluth, Arianna W and Rosenbluth, Marshall N and Teller, Augusta H and Teller, Edward},
  journal={The journal of chemical physics},
  volume={21},
  number={6},
  pages={1087--1092},
  year={1953},
  publisher={American Institute of Physics}
}

@article{green1995reversible,
  title={Reversible jump Markov chain Monte Carlo computation and Bayesian model determination},
  author={Green, Peter J},
  journal={Biometrika},
  volume={82},
  number={4},
  pages={711--732},
  year={1995},
  publisher={Oxford University Press}
}

@article{geman1984stochastic,
  title={Stochastic relaxation, Gibbs distributions, and the Bayesian restoration of images},
  author={Geman, Stuart and Geman, Donald},
  journal={IEEE Transactions on pattern analysis and machine intelligence},
  number={6},
  pages={721--741},
  year={1984},
  publisher={IEEE},
  comment={gibbs sampling paper}
}

@article{rosenblatt1958perceptron,
  title={The perceptron: a probabilistic model for information storage and organization in the brain.},
  author={Rosenblatt, Frank},
  journal={Psychological review},
  volume={65},
  number={6},
  pages={386},
  year={1958},
  publisher={American Psychological Association}
}

@inproceedings{tan2019efficientnet,
  title={Efficientnet: Rethinking model scaling for convolutional neural networks},
  author={Tan, Mingxing and Le, Quoc},
  booktitle={International conference on machine learning},
  pages={6105--6114},
  year={2019},
  organization={PMLR}
}

@book{hastie2009elements,
  title={The elements of statistical learning: data mining, inference, and prediction},
  author={Hastie, Trevor and Tibshirani, Robert and Friedman, Jerome H and Friedman, Jerome H},
  volume={2},
  year={2009},
  publisher={Springer}
}

@article{opitz1996actively,
  title={Actively searching for an effective neural network ensemble},
  author={Opitz, David W and Shavlik, Jude W},
  journal={Connection Science},
  volume={8},
  number={3-4},
  pages={337--354},
  year={1996},
  publisher={Taylor \& Francis}
}

@article{scikit-learn,
 title={Scikit-learn: Machine Learning in {P}ython},
 author={Pedregosa, F. and Varoquaux, G. and Gramfort, A. and Michel, V.
         and Thirion, B. and Grisel, O. and Blondel, M. and Prettenhofer, P.
         and Weiss, R. and Dubourg, V. and Vanderplas, J. and Passos, A. and
         Cournapeau, D. and Brucher, M. and Perrot, M. and Duchesnay, E.},
 journal={Journal of Machine Learning Research},
 volume={12},
 pages={2825--2830},
 year={2011}
}

@misc{chollet2015keras,
  title={Keras},
  author={Chollet, Fran\c{c}ois and others},
  year={2015},
  howpublished={\url{https://keras.io}},
}

@article{xu2021inference,
  title={Inference for BART with Multinomial Outcomes},
  author={Xu, Yizhen and Hogan, Joseph W and Daniels, Michael J and Kantor, Rami and Mwangi, Ann},
  journal={arXiv preprint arXiv:2101.06823},
  year={2021}
}

@book{stepanov2021math,
	title={MATH575 Numerical Analysis},
	author={Stepanov, Misha},
	year={2021},
	institution={University of Arizona}
}

@inproceedings{wall2019markov,
  title={A markov model of usersâ€™ interactive behavior in scatterplots},
  author={Wall, Emily and Arcalgud, Arup and Gupta, Kuhu and Jo, Andrew},
  booktitle={2019 IEEE visualization conference (VIS)},
  pages={81--85},
  year={2019},
  organization={IEEE}
}

@inproceedings{cho2017anchoring,
  title={The anchoring effect in decision-making with visual analytics},
  author={Cho, Isaac and Wesslen, Ryan and Karduni, Alireza and Santhanam, Sashank and Shaikh, Samira and Dou, Wenwen},
  booktitle={2017 IEEE Conference on Visual Analytics Science and Technology (VAST)},
  pages={116--126},
  year={2017},
  organization={IEEE}
}

@article{dimara2016attraction,
  title={The attraction effect in information visualization},
  author={Dimara, Evanthia and Bezerianos, Anastasia and Dragicevic, Pierre},
  journal={IEEE transactions on visualization and computer graphics},
  volume={23},
  number={1},
  pages={471--480},
  year={2016},
  publisher={IEEE}
}

@inproceedings{gotz2016adaptive,
  title={Adaptive contextualization: Combating bias during high-dimensional visualization and data selection},
  author={Gotz, David and Sun, Shun and Cao, Nan},
  booktitle={Proceedings of the 21st International Conference on Intelligent User Interfaces},
  pages={85--95},
  year={2016}
}

@inproceedings{wall2017warning,
  title={Warning, bias may occur: A proposed approach to detecting cognitive bias in interactive visual analytics},
  author={Wall, Emily and Blaha, Leslie M and Franklin, Lyndsey and Endert, Alex},
  booktitle={2017 ieee conference on visual analytics science and technology (vast)},
  pages={104--115},
  year={2017},
  organization={IEEE}
}

@article{valdez2017framework,
  title={A framework for studying biases in visualization research},
  author={Valdez, Andr{\'e} Caldero and Ziefle, Martina and Sedlmair, Michael},
  year={2017}
}

@article{kim2015interaxis,
  title={Interaxis: Steering scatterplot axes via observation-level interaction},
  author={Kim, Hannah and Choo, Jaegul and Park, Haesun and Endert, Alex},
  journal={IEEE transactions on visualization and computer graphics},
  volume={22},
  number={1},
  pages={131--140},
  year={2015},
  publisher={IEEE}
}
@misc{dua2017uci,
	author = "Dua, Dheeru and Graff, Casey",
	year = "2017",
	title = "{UCI} Machine Learning Repository",
	url = "http://archive.ics.uci.edu/ml",
	institution = "University of California, Irvine, School of Information and Computer Sciences",
    comment={UCI ML benchmark datasets}
}

@misc{wiki2022poisson,
   author = "Wikipedia",
   title = "{Poisson distribution} --- {W}ikipedia{,} The Free Encyclopedia",
   year = "2022",
   howpublished = {\url{http://en.wikipedia.org/w/index.php?title=Poisson\%20distribution&oldid=1080133188}},
   note = "[Online; accessed 16-April-2022]"
 }

@inproceedings{abu2007comparison,
  title={A comparison of machine learning techniques for phishing detection},
  author={Abu-Nimeh, Saeed and Nappa, Dario and Wang, Xinlei and Nair, Suku},
  booktitle={Proceedings of the anti-phishing working groups 2nd annual eCrime researchers summit},
  pages={60--69},
  year={2007},
  comment={BART on phishing data}
}

@article{imai2013estimating,
  title={Estimating treatment effect heterogeneity in randomized program evaluation},
  author={Imai, Kosuke and Ratkovic, Marc},
  journal={The Annals of Applied Statistics},
  volume={7},
  number={1},
  pages={443--470},
  year={2013},
  publisher={Institute of Mathematical Statistics},
  comment={BART social program treatment}
}

@article{li1984classification,
  title={Classification and regression trees (CART)},
  author={Li, Bin and Friedman, J and Olshen, R and Stone, C},
  journal={Biometrics},
  volume={40},
  number={3},
  pages={358--361},
  year={1984},
  comment={first CART paper?}
}

@misc{friedman1999stochastic,
  title={Stochastic gradient boosting. Department of Statistics},
  author={Friedman, J},
  year={1999},
  publisher={Stanford University San Francisco, CA, USA},
  comment={gradient boosted decision trees}
}

@inproceedings{quinlan1993combining,
  title={Combining instance-based and model-based learning},
  author={Quinlan, J Ross},
  booktitle={Proceedings of the tenth international conference on machine learning},
  pages={236--243},
  year={1993},
  comment={auto mpg data}
}

@article{balestriero2017neural,
  title={Neural decision trees},
  author={Balestriero, Randall},
  journal={arXiv preprint arXiv:1702.07360},
  year={2017}
}

@article{hansen1990neural,
  title={Neural network ensembles},
  author={Hansen, Lars Kai and Salamon, Peter},
  journal={IEEE transactions on pattern analysis and machine intelligence},
  volume={12},
  number={10},
  pages={993--1001},
  year={1990},
  publisher={IEEE}
}

@article{seni2010ensemble,
  title={Ensemble methods in data mining: improving accuracy through combining predictions},
  author={Seni, Giovanni and Elder, John F},
  journal={Synthesis lectures on data mining and knowledge discovery},
  volume={2},
  number={1},
  pages={1--126},
  year={2010},
  publisher={Morgan \& Claypool Publishers}
}

@article{lee2020comparing,
  title={Comparing performance of ensemble methods in predicting movie box office revenue},
  author={Lee, Sangjae and Bikash, KC and Choeh, Joon Yeon},
  journal={Heliyon},
  volume={6},
  number={6},
  pages={e04260},
  year={2020},
  publisher={Elsevier}
}

@book{way2012advances,
  title={Advances in machine learning and data mining for astronomy},
  author={Way, Michael J and Scargle, Jeffrey D and Ali, Kamal M and Srivastava, Ashok N},
  year={2012},
  publisher={CRC Press Boca Raton}
}

@article{dong2020survey,
  title={A survey on ensemble learning},
  author={Dong, Xibin and Yu, Zhiwen and Cao, Wenming and Shi, Yifan and Ma, Qianli},
  journal={Frontiers of Computer Science},
  volume={14},
  number={2},
  pages={241--258},
  year={2020},
  publisher={Springer}
}

@article{schneider2009bayesian,
  title={Bayesian analysis of the effect of horizontal curvature on truck crashes using training and validation data sets},
  author={Schneider IV, William H and Zimmerman, Karl and Van Boxel, Dan and Vavilikolanu, Srutha},
  journal={Transportation research record},
  volume={2096},
  number={1},
  pages={41--46},
  year={2009},
  publisher={SAGE Publications Sage CA: Los Angeles, CA}
}

@article{roman2022bayclump,
  title={BayClump: Bayesian Calibration and Temperature Reconstructions for Clumped Isotope Thermometry},
  author={Rom{\'a}n Palacios, Cristian and Carroll, Hannah and Arnold, Alexandrea and Flores, Randy and Petersen, Sierra and McKinnon, Karen and Tripati, Aradhna},
  year={2022}
}

@book{johnson2022bayes,
  title={Bayes Rules!: An Introduction to Applied Bayesian Modeling},
  author={Johnson, Alicia A and Ott, Miles Q and Dogucu, Mine},
  year={2022},
  publisher={CRC Press}
}

@article{schmidhuber2015deep,
  title={Deep learning in neural networks: An overview},
  author={Schmidhuber, J{\"u}rgen},
  journal={Neural networks},
  volume={61},
  pages={85--117},
  year={2015},
  publisher={Elsevier},
  comment={NNs are powerful and popular}
}

@misc{tensorflow2015whitepaper,
title={ {TensorFlow}: Large-Scale Machine Learning on Heterogeneous Systems},
url={https://www.tensorflow.org/},
comment={Software available from tensorflow.org},
author={
    Mart\'{i}n~Abadi and
    Ashish~Agarwal and
    Paul~Barham and
    Eugene~Brevdo and
    Zhifeng~Chen and
    Craig~Citro and
    Greg~S.~Corrado and
    Andy~Davis and
    Jeffrey~Dean and
    Matthieu~Devin and
    Sanjay~Ghemawat and
    Ian~Goodfellow and
    Andrew~Harp and
    Geoffrey~Irving and
    Michael~Isard and
    Yangqing Jia and
    Rafal~Jozefowicz and
    Lukasz~Kaiser and
    Manjunath~Kudlur and
    Josh~Levenberg and
    Dandelion~Man\'{e} and
    Rajat~Monga and
    Sherry~Moore and
    Derek~Murray and
    Chris~Olah and
    Mike~Schuster and
    Jonathon~Shlens and
    Benoit~Steiner and
    Ilya~Sutskever and
    Kunal~Talwar and
    Paul~Tucker and
    Vincent~Vanhoucke and
    Vijay~Vasudevan and
    Fernanda~Vi\'{e}gas and
    Oriol~Vinyals and
    Pete~Warden and
    Martin~Wattenberg and
    Martin~Wicke and
    Yuan~Yu and
    Xiaoqiang~Zheng},
  year={2015},
}

@incollection{paszke2019pytorch,
	title = {PyTorch: An Imperative Style, High-Performance Deep Learning Library},
	author = {Paszke, Adam and Gross, Sam and Massa, Francisco and Lerer, Adam and Bradbury, James and Chanan, Gregory and Killeen, Trevor and Lin, Zeming and Gimelshein, Natalia and Antiga, Luca and Desmaison, Alban and Kopf, Andreas and Yang, Edward and DeVito, Zachary and Raison, Martin and Tejani, Alykhan and Chilamkurthy, Sasank and Steiner, Benoit and Fang, Lu and Bai, Junjie and Chintala, Soumith},
	booktitle = {Advances in Neural Information Processing Systems 32},
	editor = {H. Wallach and H. Larochelle and A. Beygelzimer and F. d\textquotesingle Alch\'{e}-Buc and E. Fox and R. Garnett},
	pages = {8024--8035},
	year = {2019},
	publisher = {Curran Associates, Inc.},
	url = {http://papers.neurips.cc/paper/9015-pytorch-an-imperative-style-high-performance-deep-learning-library.pdf}
}

@misc{lind2019performance,
  title={A Performance Comparison between CPU and GPU in TensorFlow},
  author={Lind, Eric and Pantigoso Velasquez, {\"A}velin},
  year={2019}
}

@article{eiler200418o13c16o,
  title={18O13C16O in Earthâ€™s atmosphere},
  author={EILER, JOHN M and SCHAUBLE, EDWIN},
  journal={Geochimica et Cosmochimica Acta},
  volume={68},
  number={23},
  pages={4767--4777},
  year={2004}
}

@article{petersen2019effects,
  title={Effects of improved 17O correction on interlaboratory agreement in clumped isotope calibrations, estimates of mineral-specific offsets, and temperature dependence of acid digestion fractionation},
  author={Petersen, Sierra V and Defliese, William F and Saenger, C and Da{\"e}ron, Mathieu and Huntington, Katharine W and John, C{\'e}dric M and Kelson, Julia R and Bernasconi, Stefano M and Colman, Albert S and Kluge, T and others},
  journal={Geochemistry, Geophysics, Geosystems},
  volume={20},
  number={7},
  pages={3495--3519},
  year={2019},
  publisher={Wiley Online Library}
}
